4702 5926
370 919 578 1070 2⁴:

2520 473 2591 546 4

738 722 1036 775 errores
1100 697 1544 773 manifestos
1605 701 1719 774 ita
1781 703 2042 800 potius
2105 700 2441 796 corrigit,
2502 711 2587 772 nt
2640 699 2835 774 falsa
2882 701 3235 794 retineat,
3286 705 3667 803 appositis
3718 707 3974 796 rectis,
4026 725 4253 804 quam
4302 716 4391 778 ut

739 833 969 907 tacite
1033 832 1524 930 breviterque
1589 833 1874 908 vitiosa
1936 833 2256 907 auferat.
2368 829 2746 928 Eligenda
2816 853 3005 910 vero
3078 835 3271 908 mihi
3289 883 3297 891 -
3318 848 3555 910 erant
3624 836 3727 912 ad
3790 836 3935 912 hoc
4000 841 4391 936 specimen

739 963 1290 1038 elaborandum
1333 965 1587 1062 capita
1634 967 2034 1063 quaedam,
2085 966 2168 1038 in
2233 965 2513 1062 quibus
2578 987 2737 1038 non
2788 969 3253 1043 occurebant
3296 993 3446 1061 res,
3498 991 3688 1069 quas
3740 971 4167 1045 accuratius
4216 991 4388 1069 per·

738 1108 1066 1172 tractare
1125 1097 1620 1194 supellectilis
1685 1098 2074 1172 literariae
2139 1099 2408 1196 inopia
2478 1121 2603 1170 me
2664 1097 3123 1196 impediret3
3214 1102 3567 1201 quamvis
3630 1102 3843 1176 enim
3902 1122 4201 1176 summa
4244 1103 4389 1174 ‘me

739 1229 1156 1303 amicorum
1193 1227 1618 1303 liberalitas
1681 1252 1772 1304 ac
1835 1253 2020 1330 prae
2084 1229 2359 1305 ceteris
2410 1227 2899 1321 Schamanni,
2951 1254 3175 1329 quem
3218 1233 3535 1308 honoris
3586 1255 3817 1310 musa
3860 1235 4203 1326 nomino,
4252 1231 4390 1306 hu-

699 1360 1072 1434 -manitas
1135 1362 1516 1452 omnibus,
1592 1381 1780 1458 quas
1852 1363 2128 1438 civitas
2195 1364 2359 1458 ejus
2436 1362 2699 1462 copias
2762 1365 3105 1460 praebet,
3182 1365 3524 1463 adjuvet,
3604 1378 3861 1442 tamen
3931 1365 4140 1440 haud
4212 1387 4389 1442 raro

738 1494 1168 1567 recentiora
1217 1495 1560 1567 maxime
1623 1495 1912 1593 scripta
1961 1495 2264 1586 desunt,
2333 1493 3009 1593 exspectandaque
3069 1497 3153 1570 in
3220 1499 3321 1572 iis
3370 1501 3913 1598 opportunitas
3962 1520 4059 1573 ea
4108 1499 4235 1574 vel
4282 1519 4391 1572 ex

738 1626 1158 1723 longinquo
1203 1619 1542 1728 petendi.

937 1753 1148 1846 Quae
1211 1783 1400 1834 vero
1463 1781 1562 1832 ne
1641 1779 1751 1832 ex
1815 1756 1962 1833 hoc
2029 1757 2338 1857 quidem
2402 1759 2823 1872 specimine
2890 1765 3243 1856 cognosci
3304 1773 3633 1861 possunt
3702 1761 3892 1838 haec
3954 1761 4113 1837 fere
4186 1774 4387 1836 sunt.

741 1885 1280 1964 Continebitur
1327 1891 1572 1966 editio
1625 1903 1891 1965 nostra
1939 1891 2188 1965 tribus
2250 1890 2507 1981 tomis,
2568 1913 2889 1987 quorum
2955 1894 3253 1991 primus
3314 1893 3723 1968 Caesarem
3790 1907 3872 1969 et
3934 1895 4393 1992 Augustum,

739 2022 934 2094 alter
983 2023 1318 2120 reliquos
1382 2022 1656 2097 domus
1729 2023 2114 2119 Augustae
2176 2023 2698 2122 Imperatoris,
2762 2025 3035 2097 tertius
3090 2046 3237 2098 sex
3296 2040 3729 2124 postremos
3800 2039 4031 2125 atque
4092 2026 4393 2102 Indices

738 2151 840 2226 ad
883 2151 1491 2228 Commentarios
1531 2153 1960 2228 exhibebit.
2063 2155 2461 2229 Excursus
2504 2155 2823 2250 singulis
2868 2157 3099 2230 tomis
3128 2157 3391 2230 statim
3428 2159 3850 2256 subjiciam.
3952 2157 4393 2234 Fastidiose

739 2285 1002 2358 labore
1051 2287 1290 2361 lexici
1339 2283 1794 2360 Suetoniani
1837 2285 2292 2362 conficiendi
2342 2308 2465 2360 me
2516 2287 3015 2384 supersedere
3064 2311 3291 2387 posse
3342 2300 3521 2388 post
3562 2291 4119 2388 Baumgarten-
4140 2287 4395 2365 Crusii

737 2417 1202 2493 laudandam
1265 2440 1604 2517 operam,
1655 2441 1948 2492 summe
1995 2421 2286 2492 laetor:
2329 2431 2453 2507 ea,
2506 2439 2701 2516 quae
2750 2418 2941 2492 mihi
2988 2421 3345 2496 addenda
3368 2433 3449 2495 et
3488 2422 3971 2497 emendanda
4005 2423 4396 2510 videntur,

737 2551 809 2623 si
857 2572 1137 2648 operae
1188 2551 1520 2649 pretium
1569 2549 1825 2641 fuerit,
1877 2551 2296 2650 separatim
2343 2547 2557 2623 edita
2615 2548 2795 2623 huic
2861 2554 3291 2649 praestanti
3336 2553 3557 2657 „libro
3624 2552 3909 2629 deinde
3966 2554 4193 2628 facile
4255 2572 4395 2652 po·

739 2693 1000 2755 terunt
1039 2681 1376 2777 adjungi.
1477 2681 1741 2781 Neque
1805 2694 2061 2755 tamen
2127 2681 2316 2754 haec
2371 2685 2632 2756 omnia
2686 2686 2847 2780 jam
2907 2683 3357 2780 propediem
3414 2684 3727 2783 prodire
3793 2692 4193 2782 poterunt,
4254 2679 4395 2753 sed

739 2826 825 2886 ut
873 2815 1099 2911 plene
1141 2814 1623 2912 perfecteque
1674 2814 2176 2887 absolvantur
2229 2811 2741 2886 Horatianum
2800 2825 3293 2908 praeceptum
3342 2813 3765 2885 tenendum
3816 2814 3989 2902 erit,
4052 2811 4139 2886 id
4188 2809 4393 2911 quod

737 2943 1205 3019 monendum
1253 2945 1552 3043 putavi,
1603 2968 1701 3018 ne
1752 2945 1922 3044 quis
1973 2966 2098 3017 me
2149 2965 2311 3015 rem
2362 2941 2523 3017 levi
2580 2939 2891 3016 brachio
2956 2953 3543 3034 transactarum,
3605 2944 4157 3043 promissisque
4222 2966 4393 3019 ver-

736 3076 950 3150 bosis
1001 3076 1198 3150 male
1249 3089 1627 3155 staturum
1677 3076 2216 3174 suspicaretur.

931 3206 1102 3280 Jam
1155 3207 1251 3282 de
1303 3206 1694 3281 codicibus
1742 3230 1984 3306 pauca
2033 3218 2260 3281 erunt
2305 3204 2655 3280 dicenda.
2758 3204 2847 3277 In
2900 3208 3441 3305 conquirendis
3494 3209 3725 3285 novis
3774 3206 4143 3283 subsidiis
4186 3208 4391 3281 criti-

739 3340 848 3413 cis
901 3340 1224 3434 contigit
1269 3339 1462 3413 mihi
1512 3339 1820 3437 quidem
1876 3338 2082 3413 haud
2119 3359 2463 3455 parvum
2512 3337 2849 3413 nancisci
2902 3360 3301 3413 numerum
3354 3338 3701 3415 codicum
3766 3352 3904 3415 aut
3950 3340 4185 3437 plane
4235 3360 4389 3411 non

743 3484 880 3545 aut
928 3472 1436 3567 negligentius
1502 3471 1973 3545 collatorum.
2091 3470 2268 3569 lpse
2329 3469 2845 3543 vratislaviae
2911 3468 3165 3543 denuo
3236 3472 3531 3545 contuli
3592 3471 3787 3546 duos
3839 3468 4018 3544 illos'
4066 3470 4389 3558 codices,

741 3628 1064 3702 quorum
1115 3602 1500 3677 editiones
1546 3602 1648 3677 ad
1715 3601 2066 3678 Caesaris
2121 3602 2365 3675 vitam
2416 3610 2854 3699 spectantes
2895 3603 3057 3698 jam
3109 3599 3621 3676 Schneider-us
3686 3604 3774 3677 V.
3826 3602 3923 3675 D.
3976 3602 4163 3675 olim
4206 3603 4391 3675 emi-

739 3737 892 3825 sit3
959 3736 1238 3809 deinde
1292 3734 1824 3809 Berolinenses
1889 3736 2084 3809 duos
2142 3733 2519 3822 consului,
2575 3735 2737 3828 jam
2800 3754 2849 3806 a
2912 3732 3275 3807 Paldamo
3337 3736 3773 3832 inspectos:
3843 3734 4393 3817 vindobonen-

741 3869 937 3941 sium
991 3889 1180 3941 vcro
1231 3869 1490 3957 trium,
1541 3879 1850 3965 praeter
1901 3866 2094 3941 duos
2157 3864 2256 3937 ab
2329 3860 2883 3960 Oudendorpio
2945 3864 3361 3955 adhibitos,
3412 3868 3670 3939 varias
3721 3864 4103 3939 editiones
4156 3888 4393 3964 opera

739 4001 968 4073 amici
1020 4002 1414 4097 popularis
1465 4010 1732 4075 nactus
1785 4020 2004 4089 sum3
2075 3995 2579 4091 largissimam
2632 4017 2821 4069 vero
2884 3996 3227 4069 omnium
3274 4017 3603 4069 messem
3652 3996 4117 4077 humanitati
4164 3997 4391 4071 Hasii

739 4133 1198 4206 Parisiensis
1265 4133 1566 4223 debeo;
1652 4130 1931 4226 viginti
1995 4128 2318 4203 duorum
2370 4128 2583 4200 enim
2650 4126 2994 4201 codicum
3056 4128 3543 4201 collationem
3612 4130 4255 4203 accuratissimam
4312 4140 4393 4202 et

682 4286 704 4301 ·
743 4264 1407 4358 diligentissimam
1458 4262 1582 4338 hic
1633 4262 1827 4335 mihi
1873 4260 2299 4336 faciendam
2351 4258 2655 4332 curavit
2692 4282 2715 4329 τ
2770 4260 3331 4333 Veronensium
3382 4271 3639 4335 tamen
3688 4259 4261 4335 Helveticorum
4312 4274 4395 4334 et

744 4394 1522 4488 Guelferbytanorum
1569 4393 1942 4467 librorum
2003 4393 2391 4491 specimen
2441 4391 2715 4464 saltem
2776 4404 2868 4463 ut
2914 4392 3429 4509 QQ
3466 4392 3754 4465 frustra
3803 4414 4118 4491 operam
4170 4392 4394 4466 dedi:

740 4526 854 4599 ibi
915 4528 1186 4600 civiles
1263 4526 1716 4616 discordiae,
1764 4526 1889 4600 hic
1953 4536 2087 4599 aut
2152 4524 2623 4622 bibliopolae
2694 4524 3180 4619 negligentia,
3243 4534 3381 4597 aut
3446 4521 3961 4597 bibliothecae
4028 4524 4391 4623 praefecti

743 4660 1140 4757 occupatio
1197 4657 1573 4732 obstabat.
1675 4656 1939 4756 Neque
1991 4668 2248 4730 tamen
2300 4656 2615 4752 majoris
2666 4655 3037 4729 momenti
3088 4652 3405 4729 videtur
3447 4653 3721 4729 horum
3772 4655 4117 4730 codicum
4153 4654 4392 4752 scrip·

738 4802 938 4881 tura,
1003 4790 1120 4863 uti
1192 4810 1298 4862 ex
1353 4790 1481 4879 iis,
1557 4811 1752 4886 quae
1837 4788 2154 4864 wolfius
2216 4788 2300 4861 in
2367 4786 2707 4861 editione
2769 4806 2933 4875 sua,
3006 4786 3359 4883 quamvis
3441 4808 3707 4885 pauca,
3770 4786 4393 4876 communicavit,

741 4922 1214 5018 conjecerim.
1346 4920 1608 5019 Adjeci
1683 4920 2016 5019 denique
2089 4930 2519 4993 accuratam
2598 4918 3091 4995 collationem
3168 4916 3599 4994 editionum
3678 4917 4249 5018 Stephanianae
4312 4930 4395 4990 et
