4702 5926
735 718 820 790 in
873 717 1228 791 Suetonii
1283 720 1470 794 vitis
1523 719 1959 817 explicetur
2010 732 2241 816 atque
2293 732 2725 813 enarretur,
2774 723 3056 796 factum
3108 735 3252 815 est,
3302 737 3391 798 ut
3442 727 3787 801 virorum
3850 726 4021 801 DD.
4090 725 4410 802 adnota-

740 854 994 922 tiones
1061 850 1472 949 praecipue
1537 851 1620 923 in
1695 852 2018 945 singulis
2089 853 2321 924 rebus
2385 854 2919 951 institutisque
2986 855 3467 932 illustrandis
3534 859 3891 957 copiosae
3958 859 4119 931 sint
4180 870 4409 956 atque

741 983 956 1054 nulla
1031 983 1191 1055 fere
1264 1005 1386 1054 res
1451 982 1552 1056 ad
1618 982 2184 1080 antiquitatem,
2263 1007 2493 1081 quam
2562 983 2915 1075 dicimus,
2992 989 3415 1062 Romanam
3488 990 3888 1088 pertinens
3956 993 4409 1089 reperiatur,

741 1136 938 1212 quae
997 1138 1154 1188 non
1207 1113 1466 1211 aliquo
1529 1115 1698 1188 loco
1753 1125 2266 1213 pertractetur
2315 1127 2453 1188 aut
2514 1130 2717 1191 certe
2771 1121 3215 1215 attingatur.
3340 1117 3587 1210 Quum
3640 1144 3827 1195 vero
3877 1135 4057 1220 post
4106 1121 4410 1198 Ouden-

745 1246 1106 1346 dorpium
1158 1257 1236 1317 et
1289 1243 1734 1319 Ernestium
1785 1269 2014 1320 nemo
2066 1247 2577 1345 interpretum
2629 1247 2816 1322 haec
2856 1252 3283 1332 accuratius
3320 1255 3773 1353 pleniusque
3810 1255 3914 1327 sit
3946 1266 4411 1352 persecutus,

741 1389 1010 1450 nostra
1075 1389 1334 1450 autem
1403 1390 1614 1451 aetas
1687 1380 2019 1476 plurima
2085 1380 2169 1452 in
2237 1379 2359 1452 his
2424 1379 2655 1453 rebus
2718 1378 2856 1453 aut
2906 1403 3112 1455 nova
3164 1371 3578 1476 invenerit,
3630 1399 3763 1458 aut
3814 1397 4087 1462 vetera
4136 1389 4407 1460 melius

743 1511 1314 1608 explicaverit:
1409 1509 1616 1584 haud
1702 1533 1950 1610 pauca
2047 1511 2407 1602 fuerunt,
2509 1534 2703 1608 quae
2796 1503 3057 1586 essent
3157 1513 3555 1606 addenda,
3663 1521 4121 1616 praesertim
4213 1543 4406 1617 quae

743 1665 791 1716 a
833 1644 1034 1740 juris
1079 1643 1448 1716 consultis
1501 1655 1636 1714 aut
1689 1643 2098 1741 philologis
2140 1643 2339 1740 juris
2384 1643 2713 1720 Romani
2754 1667 2911 1717 non
2942 1646 3231 1740 ignaris
3267 1647 3367 1721 ad
3405 1647 3992 1724 describendum
4022 1653 4409 1726 Romanae

744 1776 1214 1873 reipublicae
1267 1787 1348 1848 et
1397 1775 1706 1873 imperii
1758 1787 2042 1850 statum
2109 1773 2230 1872 his
2295 1775 2597 1857 duobus
2666 1775 2977 1850 demum'
3040 1778 3433 1853 decenniis
3486 1765 3593 1854 ex
3646 1784 3985 1880 tenebris
4035 1785 4119 1856 in
4168 1785 4409 1858 lucem

745 1919 1132 2006 protracta
1187 1917 1416 2003 atque
1469 1929 1574 1978 ex
1635 1907 2080 2002 fragmentis
2135 1906 2693 2005 ruderibusque
2748 1912 3207 2006 scriptorum
3259 1911 3659 2005 ingeniose
3719 1915 4144 2014 composita
4204 1928 4405 1989 sunt.

747 2037 952 2112 ldeo·
983 2059 1296 2135 operam
1353 2036 1559 2126 dedi,
1613 2052 1698 2111 ut
1749 2038 1937 2112 llaec
1989 2041 2477 2138 potissimum
2530 2041 2817 2137 scripta
2867 2040 2967 2148 ad
3019 2042 3429 2140 scriptores
3480 2045 3867 2119 Romanos
3912 2049 4409 2122 illustrandos

747 2168 1402 2268 explicandosque
1469 2171 1814 2244 nondum
1873 2173 2062 2244 satis
2127 2171 2479 2245 adhibita
2530 2194 2773 2267 eoque
2826 2173 3131 2269 saepius
3184 2175 3418 2246 etiam
3464 2177 3839 2270 ignorata,
3893 2178 3973 2248 in
4026 2181 4409 2253 auxilium

747 2324 1108 2376 vocarem
1161 2315 1687 2400 quantumque
1735 2303 1816 2375 in
1881 2325 2005 2376 me
2057 2315 2284 2394 esset,
2354 2303 2621 2376 utilem
2686 2302 2921 2375 immo
2986 2305 3495 2379 necessariam
3562 2331 3825 2380 eorum
3897 2311 4409 2404 cognitionem

745 2436 950 2506 inter
1001 2434 1493 2532 antiquitatis
1545 2433 1936 2514 studiosos
1997 2435 2474 2532 adjuvarem,
2510 2433 2593 2507 id
2646 2417 2851 2531 qued
2899 2457 3361 2534 magnopere
3410 2437 3725 2536 probari
3768 2442 4193 2516 communis
4253 2461 4411 2518 om-

745 2568 984 2640 nium.
1013 2565 1172 2640 VV.
1223 2565 1406 2638 Du..
1451 2587 1867 2642 consensus
1919 2589 2044 2641 me
2089 2566 2391 2657 docuit,
2458 2589 2611 2664 quo
2659 2589 2908 2664 nuper
2958 2580 3313 2665 acceptus
3362 2583 3486 2644 est
3534 2571 3789 2644 Reinii
3840 2571 4039 2642 liber
4100 2573 4197 2644 de
4238 2577 4413 2667 jure

747 2698 1058 2795 privato
1110 2698 1631 2775 Romanorum
1695 2698 1786 2778 in
1845 2719 2070 2772 usum
2136 2697 2703 2795 philologos-um
2768 2703 3271 2796 conscriptus.
3325 2701 3335 2708 ’
3388 2701 3603 2778 Haec
3652 2702 3815 2794 jam
3880 2697 4077 2776 mihi
4140 2702 4409 2802 putavi

749 2827 1160 2918 monenda,
1213 2851 1312 2905 ne
1365 2832 1538 2925 quis
1565 2829 1992 2906 ‚existimet
2043 2849 2162 2900 me
2216 2847 2523 2900 corrasa
2574 2829 2917 2920 undique
2966 2827 3557 2923 annotationum
3624 2831 3846 2922 copia
3905 2826 4101 2901 adeo
4168 2831 4411 2904 delce-

747 2960 922 3049 tari,
975 2973 1064 3036 ut
1111 2960 1282 3055 sine
1333 2970 1542 3038 certo
1595 2956 1918 3035 consilio
1978 2959 2407 3057 arriperem
2462 2978 2813 3055 quaeque
2870 2968 2957 3027 et
3024 2953 3465 3065 proferrem.
3578 2955 3827 3053 Atque
3894 2955 4015 3031 his
4070 2958 4413 3033 maxime

749 3093 845 3164 de
897 3092 1148 3166 causis
1215 3114 1316 3165 ne
1372 3101 1552 3187 post
1613 3088 2439 3185 Baumgarten-Grusii
2484 3088 2809 3185 ,quidem
2856 3086 3321 3161 laudabilem
3374 3104 3711 3185 operam,
3764 3108 4435 3185 supervacaneam.

748 3224 913 3296 fore
963 3222 1162 3295 hanc
1225 3236 1476 3295 meam
1538 3218 1962 3295 editionem
2023 3221 2365 3319 speravi.
2481 3220 2677 3295 Nam
2764 3242 2997 3317 quum
3064 3220 3195 3291 ille
3268 3219 3565 3297 duabus
3632 3222 4123 3320 potissimum
4184 3222 4410 3307 rebus

753 3354 1060 3437 laudem
1113 3352 1264 3427 sibi
1321 3353 1742 3451 quaesierit
1787 3364 2020 3449 atque
2071 3353 2399 3450 adeptus
2452 3353 2581 3440 sit,
2650 3352 3061 3461 diligenter
3124 3352 3579 3447 conquisitis
3648 3364 3727 3427 et
3794 3354 4173 3453 appositis
4238 3354 4411 3428 reli·

751 3508 1074 3587 quorum
1127 3508 1298 3559 cum
1353 3484 1829 3575 Latinorum,
1880 3497 2044 3557 tum
2091 3479 2563 3559 ‘Graecorum
2608 3483 3067 3580 scriptorum
3116 3482 3331 3570 locis,
3387 3494 3615 3579 atque
3654 3486 3885 3581 pleno
3925 3486 4413 3584 perfectoque

753 3618 1198 3701 Latinitatis
1252 3616 1553 3691 indice:
1603 3616 1960 3713 equidem
1993 3614 2527 3691 «contexendis
2590 3612 2975 3687 editorum
3026 3612 3695 3705 adnotationibus;
3762 3615 4168 3706 addendis,
4220 3640 4413 3714 quae

757 3764 1021 3825 nostra
1069 3762 1283 3823 aetas
1335 3749 1794 3847 praesertim
1845 3749 1946 3823 ad
1992 3748 2535 3845 antiquitatem
2582 3746 3119 3821 illustrandam
3189 3768 3395 3821 nova
3456 3748 3673 3836 tulit;
3746 3747 4049 3827 criticis.
4084 3749 4412 3846 denique

753 3883 1148 3972 subsidiis,
1211 3881 1316 3955 de
1379 3882 1658 3978 quibus
1728 3902 1920 3955 mox
1981 3880 2346 3969 dicemus,
2410 3878 2511 3953 ad
2578 3878 2975 3975 scriptoris
3032 3878 3274 3953 verba
3348 3878 3891 3953 constituenda
3950 3879 4413 3962 adhibendis

756 4034 1070 4113 operam
1123 4013 1474 4112 impendi
1521 4013 1938 4110 utilemque
1991 4012 2413 4086 editionem
2464 4032 2715 4085 meam
2766 4008 3087 4083 reddere
3138 4008 3423 4085 studui.

953 4144 1332 4223 Brevitati
1407 4168 1594 4219 vero
1661 4144 2216 4219 consulendum
2283 4144 2559 4241 putavi
2640 4142 2923 4240 partim
2991 4140 3401 4216 contractis
3479 4140 3561 4213 in
3642 4141 3955 4215 brevius
4020 4142 4175 4215 VV.
4240 4142 4413 4221 Du.

755 4278 1045 4369 verbis,
1097 4278 1556 4375 praesertim
1601 4274 1732 4347 ubi
1783 4276 2044 4373 plures
2092 4287 2238 4348 aut
2283 4276 2635 4373 plerique
2692 4296 2961 4347 omnes
3012 4272 3280 4347 eadem
3332 4272 3491 4347 sere
3533 4273 3792 4351 verbis
3824 4284 4120 4347 tantum
4162 4272 4413 4347 diver-

757 4412 868 4483 sis
913 4410 1446 4509 protulerunt;
1526 4408 1810 4511 partim
1859 4406 2092 4479 etiam
2173 4405 2624 4483 omittendis
2690 4406 2791 4478 iis
2817 4457 2840 4495 ,
2888 4426 3084 4502 quae
3134 4426 3455 4502 prorsus
3504 4404 3761 4477 aliena
3810 4414 4031 4475 erant
4080 4424 4129 4475 a
4178 4404 4415 4500 scrip-

759 4554 926 4617 tore
977 4554 1268 4631 nostro,
1317 4564 1567 4638 neque
1619 4538 2194 4635 grammaticam
2237 4550 2318 4612 et
2347 4540 2605 4613 lexica
2620 4540 3015 4634 juvarent,
3054 4538 3173 4611 uti
3202 4534 4203 4631 Oudendorpii.lrequentes
4236 4556 4417 4607 con-

747 4676 1090 4769 jecturae
1153 4673 1246 4745 'in
1320 4672 1733 4770 Apulejum
1801 4682 1884 4744 et
1939 4670 2431 4760 Frontinum,
2504 4692 2697 4767 quae
2774 4670 2859 4741 in
2921 4667 3197 4741 horum
3274 4668 3727 4772 scriptorum
3798 4664 4183 4741 editiones
4255 4668 4415 4763 Jem

758 4805 1174 4879 translatae
1239 4816 1422 4878 sunt
1473 4804 1844 4901 facileque
1913 4806 1998 4875 in
2063 4802 2457 4877 Indicibus
2532 4798 3233 4900 Oudendorpianae
3282 4799 3650 4874 editionis
3700 4798 4039 4874 inveniri
4093 4810 4420 4897 possunt

757 4936 854 5011 ab
918 4936 1338 5041 editoribus
1407 4934 1714 5034 Apuleji
1795 4948 2373 5033 ceterorumque
2444 4934 2955 5031 scriptorum3
3038 4934 3345 5007 omissis
3414 4954 3677 5031 porro,
3742 4950 3939 5028 quae
4016 4928 4251 5011 hodie
4334 4930 4419 5005 in
