4702 5926
1603 1697 2584 1892 '’praefa'ffio,

313 2385 654 2558 Quum
719 2459 1000 2532 abhinc
1065 2469 1426 2554 quattuor
1489 2453 1646 2526 fere
1711 2475 1958 2527 annos
2023 2453 2104 2524 in
2159 2447 2433 2524 ‹Jahnii
2502 2452 2932 2527 Annalibus
3000 2453 3483 2550 Philologicis
3554 2457 3957 2532 consilium

307 2595 838 2683 rationemque
887 2584 1144 2662 nov'ae'
1167 2583 1540 2660 'Suetonii
1609 2584 1976 2658 editionis
2043 2585 2671 2680 proposuissem:
2756 2585 3457 2659 commodissimum
3522 2588 3775 2661 visum
3841 2603 3961 2664 est

309 2715 448 2791 hac
500 2719 896 2792 occasione
949 2715 1336 2791 scribendi
1403 2715 1662 2790 oblata
1723 2714 2034 2812 aliquod
2098 2714 2322 2812 hujus
2392 2715 2755 2788 editionis
2820 2717 3207 2814 specimen
3276 2717 3569 2806 offerre,
3635 2741 3735 2792 ex
3806 2745 3957 2818 quo

311 2849 585 2920 clarius
637 2819 1172 2945 perspiciatur,
1227 2841 1611 2938 quomodo
1663 2845 1748 2912 in
1797 2845 2431 2916 adnotationibus
2484 2846 2641 2917 VV.
2688 2845 3085 2918 doctorum
3136 2848 3685 2943 componendis
3726 2861 3957 2950 atque

307 2985 390 3053 in
443 3000 680 3053 unum
731 2978 946 3076 quasi
1003 2996 1278 3072 corpus
1330 2972 1769 3067 redigendis
1823 2972 2289 3048 versandum
2339 2973 2531 3047 mihi
2586 2976 3227 3068 existimaverim,
3270 2988 3380 3066 ut,
3430 2978 3497 3051 si
3550 3004 3700 3079 qua
3750 2983 3957 3059 dete-

309 3114 536 3185 riora·
565 3107 1242 3208 deprehendantur
1291 3106 1372 3179 in
1425 3120 1598 3178 mea·
1647 3105 1787 3181 hac
1836 3107 2164 3198 ratione,
2213 3108 2555 3180 monitus
2608 3108 2986 3203 corrigere
3038 3109 3353 3208 possim,
3386 3132 3585 3184 neve
3612 3110 3957 3191 editione

309 3246 484 3341 ipsa
521 3243 902 3313 in-lucem
957 3241 1235 3312 emissa
1285 3260 1459 3311 sera
1511 3240 1614 3309 sit
1666 3238 2100 3335 corrigendi
2151 3240 2539 3312 voluntas.
2670 3238 2901 3311 Haud
2968 3240 3175 3313 enim
3240 3240 3487 3315 facilis
3553 3256 3675 3316 est
3738 3248 3956 3323 labor

309 3372 862 3477 complectendi
932 3371 1225 3458 omnia,
1289 3392 1482 3467 quae
1550 3368 1647 3441 ab
1717 3370 2270 3468 interpretibus
2330 3370 2719 3469 prolixius
2786 3370 3369 3470 copiosiusque,
3453 3386 3684 3471 prout
3746 3378 3955 3475 inge-

305 3508 520 3581 nium
575 3506 936 3601 cujusque
987 3504 1402 3601 copiaeque
1445 3500 1817 3589 ferebant,
1872 3502 2237 3601 exposita
2285 3514 2365 3574 et
2415 3502 2783 3599 scriptori
2824 3512 3095 3575 nostro
3140 3503 3619 3599 adglutinata
3668 3512 3954 3605 potius,

305 3656 534 3735 quam
583 3656 754 3708 cum
803 3656 896 3707 eo
949 3638 1352 3731 conjuncta
1403 3645 1604 3705 sunt.
1707 3632 2084 3706 Brevitati
2151 3645 2316 3706 erat
2382 3634 2723 3706 maxime
2788 3630 3276 3723 studendum,
3346 3658 3443 3707 ne
3496 3656 3955 3717 commenta-

305 3772 600 3842 riorum
661 3766 900 3839 moles
963 3767 1052 3839 in
1121 3766 1484 3839 volumen
1561 3762 2019 3837 immensum
2089 3776 2429 3837 emturos
2492 3765 2971 3862 lecturosque
3035 3762 3581 3842 deturriturum
3646 3794 3953 3847 excres-

303 3913 510 3975 ceret
535 3921 560 3970 ·:
591 3925 598 3935 ·
625 3917 872 3994 neque
941 3904 1199 4002 tame‘p
1285 3910 1570 3969 temere
1636 3896 2038 3992 quicquam
2123 3895 2657 3984 omittendum,
2740 3917 2840 3968 ne
2920 3896 3239 3969 alterum
3304 3901 3735 3993 consilium,
3799 3930 3951 4003 quo
4017 3965 4028 3976 .

299 4032 523 4128 hujus
565 4028 932 4103 editionis
967 4029 1310 4101 laborem
1353 4028 1678 4127 suscepi,
1716 4027 2018 4099 irritum
2071 4028 2320 4142 fieren
2375 4026 2519 4101 hoc
2562 4026 2923 4100 nimirum
2974 4029 3401 4119 consilium,
3434 4044 3518 4103 ut
3553 4033 3618 4105 si
3650 4034 3819 4131 quis
3849 4039 3949 4112 ad

301 4161 774 4259 antiquiores
829 4155 1182 4233 Suetonii
1237 4158 1572 4231 editores
1625 4156 2127 4253 ablegaretur,
2181 4156 2673 4265 Torrentium
2730 4158 2901 4232 dico
2939 4174 3073 4233 aut
3112 4158 3674 4253 casaubonum,
3716 4168 3949 4242 Grae-

301 4294 542 4379 vium,
595 4290 1136 4380 Burmannum,
1187 4287 1853 4385 Oudendorpium,
1897 4288 2367 4379 Ernestium,
2418 4288 2921 4385 Baumgarten
2942 4289 3368 4381 -Crnsium,
3418 4316 3517 4367 ne
3560 4294 3625 4369 is
3664 4298 3948 4375 frustra

303 4432 708 4520 quaereret
769 4424 850 4493 in
923 4420 1190 4493 nostra
1253 4419 1622 4509 editione,
1689 4441 1884 4516 quae
1951 4420 2106 4493 VV.
2175 4418 2346 4492 DD.
2424 4421 2591 4493 loco
2658 4421 2971 4495 laudato
3034 4422 3633 4519 disputaverint.
3764 4430 3945 4506 Ideo

301 4538 542 4637 multa
593 4566 814 4626 erant
863 4550 1328 4649 recipienda,
1349 4601 1360 4613 -
1381 4569 1576 4647 quae
1629 4550 1990 4647 quoniam
2041 4550 2142 4626 ad
2193 4552 2647 4648 scriptorem
2670 4553 3235 4627 illustrandum
3274 4578 3547 4653 parum
3586 4560 3944 4657 facerent,

303 4688 560 4784 potius
603 4686 1082 4774 omisissem3
1133 4684 1368 4782 immo
1419 4679 1627 4754 haud
1675 4704 1852 4754 raro
1903 4684 2100 4756 tales
2149 4680 2719 4773 adnotationes,
2768 4696 2851 4756 ut
2900 4683 3086 4781 quid
3136 4688 3497 4763 utilitatis
3548 4690 3945 4787 haberent,

297 4816 875 4915 amplificandae
925 4837 1164 4913 eaque
1224 4812 1655 4910 adjicienda
1707 4823 1950 4902 erant,
2018 4835 2210 4911 quae
2273 4816 2739 4887 recentiores
2810 4814 3077 4889 eadem
3142 4819 3239 4894 de
3304 4846 3387 4894 re
3438 4824 3757 4898 meliora
3822 4831 3941 4902 vel

299 4950 792 5023 accuratiora·
821 4948 1118 5023 docent.
1227 4944 1398 5019 Jam
1449 4966 1680 5041 quum
1735 4946 1982 5017 omnis
2033 4944 2190 5026 fere
2243 4946 2411 5017 vita
2462 4946 2977 5021 Romanorum
3029 4962 3108 5022 et
3156 4952 3463 5049 publica
3510 4968 3591 5027 et
3638 4962 3943 5056 privata

3090 5084 3126 5148 1
