4702 5926
451 741 1052 820 Mediolanensis
1099 769 1169 821 a.
1226 754 1442 823 14⁷5.
1539 745 1648 822 At
1713 769 1900 822 vero
1951 769 2059 822 ex
2107 749 2230 839 iis,
2283 771 2605 847 quorum
2656 751 2881 849 copia
2928 750 3120 824 mihi
3168 749 3368 825 facta
3432 763 3573 838 est,
3637 769 3909 847 parum
3960 746 4110 820 uti·

451 877 696 952 litatis
747 877 852 950 ad
898 879 1351 977 scriptorem
1399 891 1748 956 nostrum
1799 879 2258 988 redundare,
2309 902 2501 955 mox
2552 885 2967 980 perspexi:
3010 905 3191 956 nam
3241 883 3431 956 satis
3479 895 3759 976 ‘magna
3802 879 4111 978 quidem

449 1009 750 1104 farrago
803 1011 1198 1085 variarum
1259 1013 1678 1086 lectionum
1745 1010 2047 1086 corradi
2106 1023 2387 1110 potest,
2457 1013 2599 1088 sed
2664 1037 2861 1112 quae
2916 1015 3347 1088 maximam
3413 1024 3713 1112 partem
3756 1009 4112 1084 futilibus

449 1142 938 1218 librariorum
987 1143 1380 1216 erroribus
1429 1143 1940 1233 contineatur,
1989 1155 2070 1218 et
2119 1165 2290 1216 cum
2342 1143 2813 1241 optimorum
2854 1145 3225 1218 librorum
3270 1144 3651 1241 scriptura
3700 1163 3875 1214 raro
3914 1162 4115 1213 mer·

451 1290 672 1354 eatur
721 1275 1103 1372 componi.
1202 1273 1310 1348 Iis
1362 1275 1572 1348 enim
1621 1275 1835 1364 locis,
1897 1295 2006 1348 ex
2057 1273 2334 1372 quibus
2390 1276 2664 1350 melior
2728 1278 2965 1352 editio
3034 1275 3703 1375 incorruptiusque
3750 1271 4113 1376 'codicum

449 1431 686 1508 genus
737 1419 947 1483 certo
1001 1417 1258 1508 potest
1307 1384 1676 1501 dignosci,
1722 1405 1803 1480 hi
1853 1406 2153 1481 codices
2205 1425 2473 1478 omues
2524 1409 2975 1506 saepissime
3022 1409 3217 1482 mira
3265 1405 3783 1482 inconstantia
3816 1405 4112 1478 dissen-

449 1545 679 1632 tiunt,
730 1541 844 1614 ita
897 1549 980 1612 ut
1031 1539 1116 1610 in
1167 1539 1426 1613 dubiis
1469 1540 1628 1634 jam
1680 1538 1886 1611 locis,
1922 1561 2194 1636 parum
2239 1513 2721 1613 auctoritatis
2761 1541 2909 1613 uni
2962 1539 3288 1614 alterive
3340 1539 3659 1613 lectioni
3710 1559 3815 1610 ex
3864 1537 3963 1608 iis
3992 1557 4115 1610 ac-

451 1675 694 1751 cedat.
799 1671 1132 1768 optimis
1185 1693 1376 1746 vero
1433 1668 1654 1742 libris
1719 1669 2383 1744 adnumerandum
2450 1693 2618 1745 esse
2682 1671 3257 1762 Memmianum‚
3330 1671 3807 1760 Vaticanum,
3866 1666 4116 1742 Medi-

449 1827 666 1883 ceum
719 1805 1055 1892 tertium,
1107 1803 1313 1875 inter
1361 1801 1698 1875 editores
1747 1798 2100 1874 Suetonii
2165 1814 2489 1877 constat.
2610 1799 2861 1890 Quum
2926 1802 3281 1875 Vaticani
3346 1815 3425 1876 et
3490 1800 3818 1876 Medicei
3883 1800 4113 1874 colla-

447 1941 744 2013 tionem
809 1934 1202 2032 acquirere
1271 1932 1612 2006 nondum
1681 1933 2092 2030 potuerim,
2148 1945 2381 2030 atque
2432 1932 2944 2006 Memmianus
2994 1933 3289 2032 perisse
3351 1932 3733 2022 videatur,
3784 1930 4115 2006 maximi

449 2070 820 2144 momenti
869 2079 1036 2141 erat
1107 2063 1490 2138 Gronovii
1551 2061 1837 2152 editio,
1905 2085 2100 2161 quae
2173 2061 3055 2159 Lugduni-Batavorum
3119 2063 3417 2163 prodiit
3477 2086 3547 2137 a.
3620 2069 3815 2138 1698
3882 2075 4115 2158 atque

447 2204 736 2276 ibidem
786 2222 856 2273 a.
915 2203 1104 2272 1745
1158 2195 1489 2294 repetita
1533 2206 1676 2268 est.
1777 2193 1991 2270 Haec
2041 2197 2254 2268 enim
2297 2194 2546 2269 editio
2594 2207 3025 2269 accuratam
3076 2196 3361 2270 codicis
3407 2195 3855 2270 Memmiani
3886 2195 4115 2268 colla-

449 2337 742 2409 tionem
792 2353 842 2404 a
891 2327 1270 2404 salmasio
1314 2329 1619 2416 factam,
1681 2347 1730 2399 a
1782 2327 2182 2401 Gronovio
2233 2337 2417 2400 tunc
2464 2325 2801 2430 primum
2852 2327 3157 2424 publice
3208 2328 3685 2425 propositam
3745 2327 4112 2400 continet.

447 2467 711 2563 Neque
763 2475 1018 2536 tamen
1068 2459 1475 2536 tacendum
1525 2470 1648 2533 est
1697 2481 1866 2533 esse
1902 2459 2136 2550 locos,
2190 2459 2469 2556 quibus
2522 2455 2961 2534 Casauboni
3028 2471 3108 2532 et
3158 2457 3503 2532 Turnebi
3552 2459 3844 2532 diserto
3898 2459 4115 2530 testi-

449 2599 714 2670 monio
765 2594 1184 2668 Salmasius
1233 2602 1598 2688 arguatur
1647 2611 1812 2665 non
1857 2591 2050 2664 satis
2099 2590 2533 2665 intendisse
2584 2589 2870 2687 ubique
2919 2592 3311 2664 oculorum
3363 2591 3657 2664 aciem:
3724 2587 3801 2660 bi
3856 2599 4115 2660 tamen

445 2737 630 2800 suut
693 2723 1113 2819 ejusmodi,
1187 2736 1276 2796 ut
1331 2747 1506 2798 eum
1571 2723 1898 2798 fortasse
1962 2722 2248 2796 codicis
2329 2719 2675 2795 conditio
2754 2743 3129 2795 excusare
3210 2723 3483 2821 possit.
3646 2719 3815 2794 Hac
3876 2719 4113 2813 igitur

447 2857 832 2940 editione,
897 2872 1094 2946 quae
1157 2851 1404 2948 ipsius
1468 2851 1754 2924 codicis
1809 2854 2186 2946 jacturam
2255 2851 2821 2948 quodammodo
2890 2852 3369 2926 tolerabilem
3450 2850 3705 2940 faciat,
3770 2851 4115 2926 maxime

445 3009 630 3063 usus
695 3005 868 3060 sum
921 2984 1010 3057 in
1079 2980 1340 3055 verbis
1409 2982 1766 3059 Suetonii
1827 2981 2340 3076 indagandis3
2423 2982 2537 3055 ita
2586 2995 2673 3055 ut
2732 2982 3073 3057 codicem
3136 2983 3685 3057 Memmiauum
3754 2982 4113 3055 omnibus

447 3116 704 3195 dubiis
758 3112 945 3188 locis
995 3132 1295 3210 sequar,
1346 3113 1499 3185 nisi
1549 3113 1684 3187 ubi
1733 3113 2130 3207 graviores
2181 3114 2527 3187 rationes
2572 3114 2924 3204 suadent,
2976 3128 3065 3187 ut
3112 3118 3275 3211 ejus
3320 3115 3857 3187 auctoritatem
3899 3112 4114 3187 dese-

443 3266 740 3324 ramus:
787 3254 1018 3338 atque
1071 3242 1242 3315 nisi·
1278 3241 1476 3315 forte
1525 3265 1634 3318 ex
1701 3244 1926 3317 ltalia
1985 3266 2236 3318 novas
2303 3266 2585 3342 easque
2638 3245 3243 3343 praestantiores
3310 3266 3497 3344 opes
3568 3247 3871 3319 criticas
3924 3266 4115 3318 nan-

447 3378 628 3455 cisci
681 3386 1031 3474 potuero,
1083 3385 1492 3448 contentus
1553 3396 1686 3447 ero
1759 3375 2016 3449 varias
2081 3376 2477 3464 lectiones,
2543 3398 2731 3473 quas
2785 3376 2953 3450 viri
3003 3375 3233 3451 Docti
3287 3352 3369 3449 in
3420 3376 3897 3451 editionibus
3946 3376 4111 3448 suis

315 3504 324 3513 ’
445 3514 1036 3611 proposuerunt,
1077 3503 1526 3595 addidisse3
1594 3505 1718 3597 iis,
1783 3530 1979 3604 quae
2029 3508 2198 3605 ipse
2249 3528 2353 3578 ex
2408 3506 2799 3581 codicibus
2846 3507 3178 3580 laudatis
3225 3506 3553 3582 hausere
3574 3562 3597 3595 ‚
3666 3520 3827 3580 tum
3880 3507 4111 3581 modo

443 3640 760 3729 additis,
811 3634 944 3709 ubi
991 3656 1276 3733 operae
1327 3638 1664 3733 pretium
1718 3638 1970 3711 visum
2019 3637 2304 3728 fuerit3
2357 3637 2634 3710 inutile
2688 3638 2895 3711 enim
2945 3640 3287 3736 putarim
3336 3640 3709 3714 suffocare
3764 3640 3985 3736 quasi
4038 3651 4117 3711 et

443 3775 768 3849 obruere
853 3768 1156 3864 copiam
1251 3766 1668 3840 lectionum
1765 3781 2190 3842 memoratu
2285 3769 2690 3863 dignarum
2768 3771 3160 3845 erroribus
3244 3773 3622 3867 malisque
3708 3748 4112 3869 scripturis

338 3894 354 3903 “
443 3905 790 3982 codicum
843 3896 1252 3971 deterioris
1307 3908 1560 3971 notae.
1666 3896 1766 3973 Ut
1815 3910 2074 3972 tamen
2132 3919 2399 3971 omnes
2452 3899 2863 3973 veritatem
2914 3924 3205 3990 eorum,
3258 3924 3451 4000 quae
3504 3901 3601 3975 de
3644 3899 3853 3975 hisce
3906 3902 4111 3977 codi-

443 4038 660 4113 cibus
711 4030 888 4105 dixi
955 4031 1390 4129 perspicere
1461 4030 1788 4127 possint,
1855 4042 2096 4104 totam
2167 4030 2557 4105 variarum
2622 4033 3055 4127 congeriem
3121 4030 3243 4105 hic
3310 4032 3391 4105 in
3460 4033 3609 4105 fine
3664 4034 4115 4133 speciminis

441 4168 824 4264 adjiciam,
863 4161 1346 4259 ampliusque
1395 4161 1785 4259 specimen
1835 4160 2163 4233 editioni
2213 4160 2369 4259 ipsi
2420 4160 2897 4258 subjungam.
3015 4162 3301 4236 Verum
3350 4165 3557 4237 enim
3621 4185 3809 4238 vero
3878 4188 4113 4263 quum

439 4316 899 4396 magnopere
952 4291 1376 4389 optandum
1425 4294 1554 4381 sit,
1605 4303 1694 4365 ut
1739 4292 1826 4363 in
1875 4289 2220 4365 editione
2281 4295 2481 4365 tanti
2530 4292 2819 4367 laboris
2870 4304 3103 4391 atque
3166 4295 3585 4369 voluminis
3646 4298 3881 4371 etiam
3934 4308 4115 4371 tex-

441 4447 566 4506 tus
616 4424 1058 4504 emendatio
1111 4444 1342 4519 quam
1393 4421 1966 4522 perfectissime,
2017 4421 2492 4513 absolvatur,
2543 4444 2837 4499 summe
2886 4447 3072 4519 rogo
3126 4445 3393 4499 omnes
3456 4427 3605 4499 VV.
3659 4427 3859 4517 DD.‚
3912 4440 3997 4499 ut
4039 4429 4105 4499 si

439 4566 526 4636 in
575 4555 1062 4658 acquirendis
1106 4554 1477 4629 subsidiis
1545 4553 1829 4628 criticis
1897 4574 2022 4627 mc
2087 4552 2458 4649 adjuvare
2524 4550 2851 4653 possint,
2902 4568 3031 4630 aut
3082 4558 3501 4654 specimine
3556 4560 3840 4633 codicis
3894 4581 3942 4632 a
3984 4583 4105 4632 me

439 4692 786 4769 nondum
843 4687 1125 4775 collati,
1175 4699 1313 4759 aut
1361 4684 1634 4757 saltem
1685 4682 2004 4773 indicio,
2069 4684 2205 4757 ubi
2275 4686 2431 4758 tale
2489 4686 2677 4784 quid
2740 4687 2999 4777 lateat,
3062 4709 3315 4785 quave
3386 4691 3517 4762 via
3565 4712 3658 4763 eo
3711 4695 4106 4790 penetrari

440 4826 712 4926 possit,
753 4820 902 4894 hoc
965 4816 1214 4891 facere
1281 4838 1422 4914 pro
1483 4836 1624 4888 sua
1681 4811 2162 4890 humanitate
2217 4816 2483 4889 velint.
2605 4815 2804 4891 Sunt
2852 4830 3109 4891 tamen
3163 4832 3241 4891 et
3289 4819 3673 4895 editiones
3728 4824 4105 4922 quaedam

439 4956 850 5035 collatione
928 4951 1252 5023 fortasse
1329 4944 1537 5020 haud
1608 4945 2000 5041 indiguae,
2080 4966 2274 5041 quae
2342 4946 2479 5019 ubi
2540 4957 3037 5023 asserventur
3098 4955 3409 5039 nesci03
3488 4973 3619 5025 eas
3688 4976 3793 5029 ex
3848 4956 4109 5030 indice
